--- COMMENTS may be placed outside the @ENTRYTYPE{ ... } stuctures
--- CMS guidelines
---- Every journal article citation should include the DOI, assuming one exists.
---- All URLs for CMS notes, ANs, etc, should refer to the CDS server, not the CMS server. Use our standard format for them, as shown below.
----  CMS Notes not available on CDS are regarded as private and may not be cited.
----  CMS physics papers (i.e., those intended for publication in journals) may reference only POG PASs, not PAG PASs.
---- For papers by collaborations, list the collaboration in the COLLABOROATION field and put the first author and "and others" in the AUTHOR field.
----  If only the collaboration is listed as the author, put "{XXX Collaboration}" under AUTHOR.
----  Note that we automatically replace the AUTHOR field with the collaboration name for ATLAS, CMS, LHCb, and ATLAS at submission time. Please don't remove the
----  "First Author and others" in the AUTHOR field.
---- Other items:
----   PAGES: Please only list the first page, not the range.
----   ISSUE: Please do not include in most cases.
----   URL: Do not include this field if a DOI is available.
---- Number of authors to list:
----   PRL requests that we include all authors up to fifteen except for large collaborations, and we take this as our internal guide as well. If there
----   are more than fifteen, just list the first author + "and others", as above.
----   The individual journal bib style file (theirs, ours, PLB, etc.) will truncate at the appropriate point. We have ours set to _1_ for more than four.
---- Use only the URL field instead of embedding an href.
---- A reference only published on the arXiv should be listed as UNPUBLISHED (with a note "Submitted to XXX" for large collaboration papers).
----   Experimental papers only on the arXiv and not submitted for publication may not be cited.
---- Some journals will lowercase the title: use {} to protect words which must be capitalized, e.g., {LHC}, {TeV}, {CERN}, {CMS}.
----  Do not escape the entire title as it will then clash with the journal style.
---- Journal names: the journals generally include the series in the journal name, "Physical Review D", vol 5, rather than PR D5
---- >>> Please use the --preview option with the tdr script to perform a simple-minded reference check before uploading.
%
%
%    Many commonly cited papers are available under svn+ssh://svn.cern.ch/reps/tdr/utils/branches/dev/general/gen.bib and utils/trunk/higgs.bin.

%
% Notes hosted only on CDS are listed as TECHREPORTs.
%
@TECHREPORT{CMS_AN_2006-027,
     AUTHOR       = "Belotelov, I. and Golutvin, I. and Bourilkov, D. and Lanyov, A. and Rogalev, E. and Savina, M. and Shmatov, S.",
     TITLE        = "Search for {ADD} extra dimensional gravity in di-muon channel with the {CMS} Detector",
     TYPE      = "CMS Note",
     NUMBER       = "2006/076",
     URL          = "http://cdsweb.cern.ch/record/962045",
     YEAR         = "2006"}
@TECHREPORT{CMS_NOTE_2006-106,
     AUTHOR       = "Aldaya, M. and Arce, P. and Caballero, J. and de la Cruz, B. and Garcia-Abia, P. and Hernandez, J. M. and Josa, M. I. and Ruiz, E.",
     TITLE        = "Discovery potential and search strategy for the Standard Model {H}iggs boson in the {$H\to ZZ^\star\to 4\mu$} decay channel using a mass-independent analysis",
     TYPE      = "CMS Note",
     NUMBER       = "2006/106",
     URL          = "http://cdsweb.cern.ch/record/962058",
     YEAR         = "2006"}
%
% standard article
%
@Article{Brandt:1997gi,
     author    = "Brandt, A. and others",
     collaboration = "UA8",
     title     = "Measurements of single diffraction at $\sqrt{s} =$ 630 {GeV}:
                  Evidence for  a non-linear $\alpha(t)$ of the pomeron",
     journal   = "Nucl. Phys. B",
     volume    = "514",
     year      = "1998",
     pages     = "3",
     SLACcitation  = "%%CITATION = HEP-EX 9710004;%%",
     doi       = "10.1016/S0550-3213(97)00813-4"
}
@ARTICLE{Buchmuller:1986zs,
     AUTHOR       = "Buchm{\"u}ller, W. and Wyler, D.",
     TITLE        = "Constraints on {SU(5)}-type leptoquarks",
     JOURNAL      = "Phys. Lett. B",
     VOLUME       = "177",
     YEAR         = "1986",
     pages        = "377",
     SLACcitation  = "%%CITATION = PHLTA,B191,442;%%",
     doi          = "10.1016/0370-2693(86)90771-9"
}

@Article{PTDR2,
     author    = "{CMS Collaboration}",
     title     = "{CMS} technical design report, volume {II}: {Physics}
                  performance",
     journal   = "J. Phys. G",
     volume    = "34",
     year      = "2007",
     pages     = "995",
     doi       = "10.1088/0954-3899/34/6/S01",
     SLACcitation  = "%%CITATION = JPHGB,G34,995;%%"
}
% PAS are now TECHREPORTS. Same for Notes. A formatted list of PASs is located in [svn]/utils/branches/dev/general/pasBib-tech.bib
@TECHREPORT{CMS-PAS-JME-10-003,
      AUTHOR      = "{CMS Collaboration}",
      COLLABORATION = {CMS},
      TITLE       = "Jet Performance in pp Collisions at $\sqrt{s}$=7 {TeV}",
      URL         = "http://cdsweb.cern.ch/record/1279362",
      TYPE     = "CMS Physics Analysis Summary",
      NUMBER      = "CMS-PAS-JME-10-003",
      YEAR        = "2010"
}
%SPIRES had this one as R. Adolphi, et. al. Wrong. Now corrected in InspireHEP.
@Article{Chatrchyan:2008zzk,
     author    = "Chatrchyan, S. and others",
     collaboration = "CMS",
     title     = "The {CMS} experiment at the {CERN} {LHC}",
     journal   = "JINST",
     volume    = "3",
     year      = "2008",
     pages     = "S08004",
     doi       = "10.1088/1748-0221/3/08/S08004",
     SLACcitation  = "%%CITATION = JINST,3,S08004;%%"
}
% An evergreen:
@article{Beringer:1900zz,
      author         = "{Particle Data Group} and Beringer, J. and others",
      title          = "{Review of Particle Physics}",
      journal        = "Phys. Rev. D",
      volume         = "86",
      pages          = "010001",
      doi            = "10.1103/PhysRevD.86.010001",
      year           = "2012",
      SLACcitation   = "%%CITATION = PHRVA,D86,010001;%%",
}
%
% An example of a document which only appears on arXiv. This one could alternatively be cited as a TECHREPORT using any of the various laboratory report numbers when hosted on a lab server:
% reportNumber   = "CERN-PH-EP-2010-095, FERMILAB-TM-2480-PPD, LEPEWWG-2010-01, TEVEWWG-2010-01, ALEPH-2010-001-PHYSICS-2010-001, CDF-NOTE-10338, D0-NOTE-6130, DELPHI-DELPHI-2010-001-PHYS-952, L3-NOTE-2837, OPAL-PR432, SLAC-PUB-14301",
%
@UNPUBLISHED{LEPewkfits,
     author = "{ALEPH, CDF, D0, DELPHI, L3, OPAL, SLD Collaborations,
                                    the LEP Electroweak Working Group, the Tevatron Electroweak Working Group, and the SLD Electroweak and Heavy Flavour Groups}",
     title     = "Precision electroweak measurements and constraints on
the {Standard Model}",
     URL       = "http://lepewwg.web.cern.ch/LEPEWWG",
     eprint    = "1012.2367",
     archivePrefix = "arXiv",
     primaryClass  =  "hep-ex",
     year  = "2010",
     SLACcitation  = "%%CITATION = 1012.2367;%%"
}
%
% A document hosted on a laboratory server
%
@TECHREPORT{Bertram:2000br,
  author = " Bertram, I. and Landsberg, G. and Linnemann, J. and Partridge, R. and Paterno, M. and Prosper, H. B.",
  title =  "A Recipe for the construction of confidence limits",
  institution = "Fermilab",
  number     = "{TM-2104}",
  url = "http://lss.fnal.gov/archive/test-tm/2000/fermilab-tm-2104.pdf",
  year = "2000"
 }
 %
 % A document included in Proceedings. PRL may want the ADDRESS field as well.
 %
@INPROCEEDINGS{RooStats,
  AUTHOR       = "Moneta, L. and Belasco, K. and  Cranmer, K. S. and Lazzaro, A. and Piparo, D. and Schott, G. and Verkerke, W. and Wolf, M. ",
  TITLE        = "The {R}oo{S}tats {P}roject",
  BOOKTITLE = "13$^\text{th}$ International Workshop on Advanced Computing and Analysis Techniques in Physics Research (ACAT2010)",
  YEAR         = "2010",
  PUBLISHER = "SISSA",
  NOTE = "{PoS(ACAT2010)057}",
  URL          = "http://pos.sissa.it/archive/conferences/093/057/ACAT2010_057.pdf",
  eprint = "1009.1003",
  primaryClass = "physics.data-an"
}
%
% CMS/ATLAS papers submitted but not yet accepted; The SLACcitation is not required. This is only for illustration, these are now published.
% Upon acceptance the note is modified and the DOI included (if available).
%
@Unpublished{Khachatryan:2010mp,
     author    = "{CMS Collaboration}",
     collaboration = "CMS",
     title     = "Search for Pair Production of First-Generation Scalar Leptoquarks in pp Collisions at $\sqrt{s} = 7$ {TeV}",
     note  = "Submitted to \textit{Phys. Rev. Lett.}",
     eprint    = "1012.4031",
     archivePrefix = "arXiv",
     primaryClass  =  "hep-ex",
     year = "2010",
     SLACcitation  = "%%CITATION = 1012.4031;%%"
}
@Unpublished{CMS-PAPER-MUO-10-004,
     author    = "{CMS Collaboration}",
     collaboration = "CMS",
     title     = "Performance of CMS muon reconstruction in pp collision events at {$\sqrt{s} = 7$\TeV}",
     note  = "Submitted to \textit{J. Inst.}",
     eprint    = "1206.4071",
     archivePrefix = "arXiv",
     primaryClass  =  "physics.ins-det",
     year = "2012",
}
@Unpublished{ATLAS:2011aa,
        Archiveprefix = {arXiv},
        Author = {{ATLAS Collaboration}},
        Collaboration = {ATLAS},
        Eprint = {1112.2577},
        Note = {Submitted to \textit{Phys. Rev. Lett.}},
        Primaryclass = {hep-ex},
        Slaccitation = {%%CITATION = 1112.2577;%%},
        Title = {Search for the {H}iggs boson in the {$H\to$WW(*)$\to \ell^+ \nu \ell^- \bar{\nu}$} decay channel in pp collisions at $\sqrt{s}$ = 7 {TeV} with the {ATLAS} detector},
        Year = {2011}}
% Misc
@Article{Cacciari:2008gp,
     AUTHOR    = "Cacciari, Matteo and Salam, Gavin P. and Soyez, Gregory",
     TITLE     = "The anti-$\kt$ jet clustering algorithm",
     JOURNAL   = "JHEP",
     VOLUME    = "04",
     YEAR      = "2008",
     PAGES     = "063",
     doi       = "10.1088/1126-6708/2008/04/063",
     eprint         = "0802.1189",
     archivePrefix  = "arXiv",
     primaryClass   = "hep-ex",
}
@Article{Sjostrand:2006za,
      author         = "Sj{\"o}strand, Torbj{\"o}rn and Mrenna, Stephen and Skands, Peter",
      title          = "{PYTHIA} 6.4 physics and manual",
      journal        = "JHEP",
      volume         = "05",
      pages          = "026",
      doi            = "10.1088/1126-6708/2006/05/026",
      year           = "2006",
      eprint         = "hep-ph/0603175",
      archivePrefix  = "arXiv",
      primaryClass   = "hep-ph",
      reportNumber   = "FERMILAB-PUB-06-052-CD-T, LU-TP-06-13",
      SLACcitation   = "%%CITATION = HEP-PH/0603175;%%",
}
@INCOLLECTION{nu2,
    author        = "Giunti, C. and Laveder, M.",
    title         = "Neutrino mixing",
    booktitle     = "Developments in Quantum Physics",
    editor        = "Columbus, F. and Krasnoholovets, V.",
    publisher     = "Nova Science Publishers, Inc.",
    eprint        = "hep-ph/0310238",
    archivePrefix = "arXiv",
    primaryClass  = "hep-ph",
    year          = "2004",
    isbn          = "1-59454-003-9"
}
@misc{HEPData,
 note   = "The high energy physics data repository, http://hepdata.net.",
 url    = "http://hepdata.net"
}
@misc{HEPDataCMSexample,
note = "Data from CMS-TOP-16-023",
doi="10.17182/hepdata.81690",
howpublished = "HEPData.net",
url= "https://hepdata.net/record/ins1635271"
}

@article{301,
      author         = "CMS Collaboration",
      title          = "{The CMS experiment at the CERN LHC}",
      journal        = "Journal of instrumentation",
      volume         = "",
      year           = "1981",
      pages          = "",
      doi            = "",
      eprint         = "",
      archivePrefix  = "",
      primaryClass   = ""
}


@article{318,
      author         = "Sirunyan, Albert M and others",
      title          = "{Search for dark matter in events with energetic,
                        hadronically decaying top quarks and missing transverse
                        momentum at $\sqrt{s}=$ 13 TeV}",
      collaboration  = "CMS",
      year           = "2018",
      eprint         = "1801.08427",
      archivePrefix  = "arXiv",
      primaryClass   = "hep-ex",
      reportNumber   = "CMS-EXO-16-051, CERN-EP-2017-299",
      SLACcitation   = "%%CITATION = ARXIV:1801.08427;%%"
}

@article{319,
  title = {Monotops at the LHC},
  author = {Andrea, J. and Fuks, B. and Maltoni, F.},
  journal = {Phys. Rev. D},
  volume = {84},
  issue = {7},
  pages = {074025},
  numpages = {5},
  year = {2011},
  month = {Oct},
  publisher = {American Physical Society},
  doi = {10.1103/PhysRevD.84.074025},
  url = {https://link.aps.org/doi/10.1103/PhysRevD.84.074025}
}

@article{320,
      author         = "Agram, Jean-Laurent and Andrea, Jeremy and Buttignol,
                        Michael and Conte, Eric and Fuks, Benjamin",
      title          = "{Monotop phenomenology at the Large Hadron Collider}",
      journal        = "Phys. Rev.",
      volume         = "D89",
      year           = "2014",
      number         = "1",
      pages          = "014028",
      doi            = "10.1103/PhysRevD.89.014028",
      eprint         = "1311.6478",
      archivePrefix  = "arXiv",
      primaryClass   = "hep-ph",
      reportNumber   = "CERN-PH-TH-2013-277",
      SLACcitation   = "%%CITATION = ARXIV:1311.6478;%%"
}



@article{321,
  title = {Search for a Dark Matter Candidate Produced in Association with a Single Top Quark in $p\overline{p}$ Collisions at $\sqrt{s}=1.96\text{ }\text{ }\mathrm{TeV}$},
  author = {Aaltonen, T. etal},
  collaboration = {CDF},
  journal = {Phys. Rev. Lett.},
  volume = {108},
  issue = {20},
  pages = {201802},
  numpages = {7},
  year = {2012},
  month = {May},
  publisher = {American Physical Society},
  doi = {10.1103/PhysRevLett.108.201802},
  url = {https://link.aps.org/doi/10.1103/PhysRevLett.108.201802}
}
 
@article{322,
  title = {Search for Monotop Signatures in Proton-Proton Collisions at $\sqrt{s}=8\text{ }\text{ }\mathrm{TeV}$},
  author = {Khachatryan, V. etal},
  collaboration = {CMS},
  journal = {Phys. Rev. Lett.},
  volume = {114},
  issue = {10},
  pages = {101801},
  numpages = {16},
  year = "2015",
  month = {Mar},
  publisher = {American Physical Society},
  doi = {10.1103/PhysRevLett.114.101801},
  url = {https://link.aps.org/doi/10.1103/PhysRevLett.114.101801}
}

@article{323,
      author         = "Aad, Georges and others",
      title          = "{Search for invisible particles produced in association
                        with single-top-quarks in proton-proton collisions at
                        $\sqrt{s}$ = 8 TeV with the ATLAS detector}",
      collaboration  = "ATLAS",
      journal        = "Eur. Phys. J.",
      volume         = "C75",
      year           = "2015",
      number         = "2",
      pages          = "79",
      doi            = "10.1140/epjc/s10052-014-3233-4",
      eprint         = "1410.5404",
      archivePrefix  = "arXiv",
      primaryClass   = "hep-ex",
      reportNumber   = "CERN-PH-EP-2014-231",
      SLACcitation   = "%%CITATION = ARXIV:1410.5404;%%"
}



@article{324,
      author         = "Boucheneb, Idir and Cacciapaglia, Giacomo and Deandrea,
                        Aldo and Fuks, Benjamin",
      title          = "{Revisiting monotop production at the LHC}",
      journal        = "JHEP",
      volume         = "01",
      year           = "2015",
      pages          = "017",
      doi            = "10.1007/JHEP01(2015)017",
      eprint         = "1407.7529",
      archivePrefix  = "arXiv",
      primaryClass   = "hep-ph",
      reportNumber   = "CERN-PH-TH-2014-140, LYCEN-2014-11",
      SLACcitation   = "%%CITATION = ARXIV:1407.7529;%%"
}

@article{325,
      author         = "M. Cacciari and G.P. Salam",
      title          = "{The anti-k$_{i}$ jet clustering algorithm}",
      journal        = "JHEP",
      volume         = "",
      year           = "2008",
      pages          = "",
      doi            = "",
      eprint         = "0802.1189",
      archivePrefix  = "arXiv",
      primaryClass   = "hep-ph",
      SLACcitation   = "%%CITATION = ARXIV:0802.1189;%%"
}

@article{326,
      author         = "CDF Collaboration",
      title          = "{Measurement of the $t\bar{q}$" production cross section in $p\bar{p}$ collision at $\sqrt{s}$= 1.96 TeV using lepton+jets events with secondary vertex $b$-tagging}",
      journal        = "Phys. Rev. D 71",
      volume         = "",
      year           = "2008",
      pages          = "",
      doi            = "",
      eprint         = "",
      archivePrefix  = "",
      primaryClass   = ""
}


@article{327,
      author         = "CMS Collaboration",
      title          = "{Determination of the Jet Energy Scale in CMS with $pp$ Collisions at $\sqrt{s}$= 7 TeV}",
      journal        = "CMS Physics Analysis Summary",
      volume         = "CMS-PAS-JME-10-010",
      year           = "2010",
      pages          = "",
      doi            = "",
      eprint         = "",
      archivePrefix  = "",
      primaryClass   = ""
}

@article{328,
      author         = "J. Beringer et al",
      title          = "{Particle Data Group Collaboration}",
      journal        = "Phys. Rev D 86, 010001",
      volume         = "",
      year           = "2012",
      pages          = "",
      doi            = "",
      eprint         = "",
      archivePrefix  = "",
      primaryClass   = ""
}



@Article{pdg,
     author    = "Nakamura, K. and others",
     collaboration = "Particle Data Group",
     title     = "{Review of particle physics}",
     journal   = "J. Phys.",
     volume    = "G37",
     year      = "2010",
     pages     = "075021",
     doi       = "10.1088/0954-3899/37/7A/075021",
     SLACcitation  = "%%CITATION = JPHGB,G37,075021;%%"                                                                                                                    
}


@Article{pythia6,
     author    = "Sj$\stackrel{..}{\text o}$strand, Torbjorn and Mrenna, Stephen and Skands, Peter Z.",
     title     = "{PYTHIA 6.4 Physics and Manual}",
     journal   = "JHEP",
     volume    = "05",
     year      = "2006",
     pages     = "026",
     eprint    = "hep-ph/0603175",
     archivePrefix = "arXiv",
     doi       = "10.1088/1126-6708/2006/05/026"
}
@Article{geant4,
     author    = "Agostinelli, S. and others",
     collaboration = "GEANT4",
     title     = "{GEANT4: A simulation toolkit}",
     journal   = "Nucl. Instrum. Meth.",
     volume    = "A506",
     year      = "2003",
     pages     = "250-303",
     doi       = "10.1016/S0168-9002(03)01368-8"
}

@article{Alwall:2011uj,
      author         = "Alwall, Johan and Herquet, Michel and Maltoni, Fabio and
                        Mattelaer, Olivier and Stelzer, Tim",
      title          = "{MadGraph 5 : Going Beyond}",
      journal        = "JHEP",
      volume         = "1106",
      pages          = "128",
      doi            = "10.1007/JHEP06(2011)128",
      year           = "2011",
      eprint         = "1106.0522",
      archivePrefix  = "arXiv",
      primaryClass   = "hep-ph",
      reportNumber   = "FERMILAB-PUB-11-448-T",
      SLACcitation   = "%%CITATION = ARXIV:1106.0522;%%",                                                                                                                  
}

@article{Christensen:2008py,
      author         = "Christensen, Neil D. and Duhr, Claude",
      title          = "{FeynRules - Feynman rules made easy}",
      journal        = "Comput.Phys.Commun.",
      volume         = "180",
      pages          = "1614-1641",
      doi            = "10.1016/j.cpc.2009.02.018",
      year           = "2009",
      eprint         = "0806.4194",
      archivePrefix  = "arXiv",
      primaryClass   = "hep-ph",
      reportNumber   = "MSUHEP-080616, CP3-08-20",
      SLACcitation   = "%%CITATION = ARXIV:0806.4194;%%",                                                                                                                  
}

@article{Alloul:2013bka,
      author         = "Alloul, Adam and Christensen, Neil D. and Degrande,
                        Celine and Duhr, Claude and Fuks, Benjamin",
      title          = "{FeynRules 2.0 - A complete toolbox for tree-level
                        phenomenology}",
      year           = "2013",
      eprint         = "1310.1921",
      archivePrefix  = "arXiv",
      primaryClass   = "hep-ph",
      reportNumber   = "CERN-PH-TH-2013-239, MCNET-13-14, IPPP-13-71,
                        DCPT-13-142,  --PITT-PACC-1308",
      SLACcitation   = "%%CITATION = ARXIV:1310.1921;%%",                                                                                                                  
}

@Article{powheg,
     author    = "Frixione, Stefano and Nason, Paolo and Oleari, Carlo",
     title     = "{Matching NLO QCD computations with parton shower simulations: the POWHEG method}",
     journal   = "JHEP",
     volume    = "11",
     year      = "2007",
     pages     = "070",
     eprint    = "0709.2092",
     archivePrefix = "arXiv",
     primaryClass  =  "hep-ph",
     doi       = "10.1088/1126-6708/2007/11/070"
}

@Article{herwig,
     author    = "Corcella, G. and Knowles,I. G. and Marchesini,G. and Moretti,S. and Odagiri, K. and Richardson, P. and Seymour, M. H. and Webber, B. R.",
     title     = "{HERWIG 6.5: an event generator for Hadron Emission Reactions With Interfering Gluons (including supersymmetric processes)}",
     journal   = "JHEP",
     volume    = "0101",
     year      = "2001",
     pages     = "010",
     eprint    = "0011363",
     archivePrefix = "arXiv",
     primaryClass  =  "hep-ph",
     doi       = "10.1088/1126-6708/2001/01/010"
}


@ARTICLE{pythia8,
      author         = "Sjöstrand, Torbjörn and Ask, Stefan and Christiansen,
                        Jesper R. and Corke, Richard and Desai, Nishita and Ilten,
                        Philip and Mrenna, Stephen and Prestel, Stefan and
                        Rasmussen, Christine O. and Skands, Peter Z.",
      title          = "{An Introduction to PYTHIA 8.2}",
      journal        = "Comput. Phys. Commun.",
      volume         = "191",
      year           = "2015",
      pages          = "159-177",
      doi            = "10.1016/j.cpc.2015.01.024",
      eprint         = "1410.3012",
      archivePrefix  = "arXiv",
      primaryClass   = "hep-ph",
      reportNumber   = "LU-TP-14-36, MCNET-14-22, CERN-PH-TH-2014-190,
                        FERMILAB-PUB-14-316-CD, DESY-14-178, SLAC-PUB-16122",
      SLACcitation   = "%%CITATION = ARXIV:1410.3012;%%"
}



@ARTICLE{tauola,
       title ="Tauola Twiki page: \url{https://twiki.cern.ch/twiki/bin/view/CMSPublic/SWGuideTauolaInterface}"
}
@ARTICLE{monotopWeb,
TITLE ="Monotop web repository: \url{http://feynrules.irmp.ucl.ac.be/wiki/Monotops}"
}
